% This file was created with JabRef 2.6.
% Encoding: Cp1252

@BOOK{bentley:1999,
  title = {{P}rogramming {P}earls},
  publisher = {Addison--Wesley},
  year = {1999},
  author = {Jon Bentley},
  address = {Boston, MA, USA},
  edition = {2nd}
}

@BOOK{bringhurst:2002,
  title = {{T}he {E}lements of {T}ypographic {S}tyle},
  publisher = {Hartley \& Marks Publishers},
  year = {2008},
  author = {Robert Bringhurst},
  series = {Version 3.2},
  address = {Point Roberts, WA, USA}
}

@BOOK{cormen:2001,
  title = {{I}ntroduction to {A}lgorithms},
  publisher = {The MIT Press},
  year = {2001},
  author = {Cormen, Thomas H. and Leiserson, Charles E. and Rivest, Ronald L.
	and Clifford Stein},
  address = {Cambridge, MA, USA},
  edition = {2nd}
}

@BOOK{dueck:trio,
  title = {{D}ueck's {T}rilogie: {O}mnisophie -- {S}upramanie -- {T}opothesie},
  publisher = {Springer, Berlin},
  year = {2005},
  author = {Gunter Dueck},
  note = {\url{http://www.omnisophie.com}}
}

@ARTICLE{knuth:1976,
  author = {Knuth, Donald E.},
  title = {{B}ig {O}micron and {B}ig {O}mega and {B}ig {T}heta},
  journal = {SIGACT News},
  year = {1976},
  volume = {8},
  pages = {18--24},
  number = {2},
  month = {April/June},
  address = {New York, NY, USA},
  publisher = {ACM Press}
}

@ARTICLE{knuth:1974,
  author = {Knuth, Donald E.},
  title = {{C}omputer {P}rogramming as an {A}rt},
  journal = {Communications of the ACM},
  year = {1974},
  volume = {17},
  pages = {667--673},
  number = {12},
  month = {December },
  address = {New York, NY, USA},
  publisher = {ACM Press}
}

@BOOK{sommerville:1992,
  title = {{S}oftware {E}ngineering},
  publisher = {Addison-Wesley},
  year = {1992},
  author = {Ian Sommerville},
  address = {Boston, MA, USA},
  edition = {4th}
}

@inproceedings{leone2013optimizing,
  title={Optimizing qos in wireless sensors networks using a caching platform},
  author={Leone, R{\'e}my and Medagliani, Paolo and Leguay, J{\'e}r{\'e}mie},
  booktitle={Sensornets 2013},
  pages={56},
  year={2013}
}

@incollection{leone2014demo,
  title={Demo Abstract: MakeSenseâ€”Managing Reproducible WSNs Experiments},
  author={L{\'e}one, R{\'e}my and Leguay, J{\'e}r{\'e}mie and Medagliani, Paolo and Chaudet, Claude},
  booktitle={Real-World Wireless Sensor Networks},
  pages={65--71},
  year={2014},
  publisher={Springer}
}

@article{leone2013optimisation,
  title={Optimisation de la qualit{\'e} de service par l'utilisation de m{\'e}moire cache},
  author={L{\'e}one, R{\'e}my and Medagliani, Paolo and Leguay, J{\'e}r{\'e}mie and others},
  journal={15{\`e}mes Rencontres Francophones sur les Aspects Algorithmiques des T{\'e}l{\'e}communications (AlgoTel)},
  pages={1--4},
  year={2013}
}

@article{leone2013makesense,
  title={MakeSense: Managing Reproducible WSNs Experiments},
  author={Leone, R{\'e}my and Leguay, Jeremie and Medagliani, Paolo and Chaudet, Claude and others},
  journal={Fifth Workshop on Real-World Wireless Sensor Networks},
  year={2013}
}

@article{cirani2014scalable,
  title={A Scalable and Self-Configuring Architecture for Service Discovery in the Internet of Things},
  author={Cirani, Simone and Davoli, Luca and Ferrari, Gianluigi and L{\'e}one, R{\'e}my and Medagliani, Paolo and Picone, Marco and Veltri, Luca},
  year={2014},
  publisher={IEEE}
}
