@inproceedings{leone2015tee,
  title={Tee: Traffic-based energy estimators for duty-cycled Wireless Sensor Networks},
  author={L{\'e}one, R{\'e}my and Leguay, J{\'e}r{\'e}mie and Medagliani, Paolo and Chaudet, Claude},
  booktitle={2015 IEEE International Conference on Communications (ICC)},
  pages={6749--6754},
  year={2015},
  organization={IEEE}
}

@inproceedings{leone2013optimizing,
  title={Optimizing qos in wireless sensors networks using a caching platform},
  author={Leone, R{\'e}my and Medagliani, Paolo and Leguay, J{\'e}r{\'e}mie},
  booktitle={Sensornets 2013},
  pages={56},
  year={2013}
}

@inproceedings{leone2013optimisation,
  title={Optimisation de la qualit{\'e} de service par l'utilisation de m{\'e}moire cache},
  author={L{\'e}one, R{\'e}my and Medagliani, Paolo and Leguay, J{\'e}r{\'e}mie},
  booktitle={15{\`e}mes Rencontres Francophones sur les Aspects Algorithmiques des T{\'e}l{\'e}communications (AlgoTel)},
  pages={1--4},
  year={2013}
}

@inproceedings{leone2013makesense,
  title={MakeSense: Managing Reproducible WSNs Experiments},
  author={Leone, R{\'e}my and Leguay, Jeremie and Medagliani, Paolo and Chaudet, Claude},
  booktitle={Fifth Workshop on Real-World Wireless Sensor Networks, 2013},
  year={2013},
  pages={65--71},
  year={2014},
  publisher={Springer International Publishing}

}

@inproceedings{leone2015demo,
  title={Demo Abstract: Automating WSN experiments and simulations},
  author={L{\'e}one, R{\'e}my and Leguay, J{\'e}r{\'e}mie and Medagliani, Paolo and Chaudet, Claude},
  booktitle={EWSN 2015},
  year={2015}
}

@article{cirani2014scalable,
  title={A scalable and self-configuring architecture for service discovery in the internet of things},
  author={Cirani, Simone and Davoli, Luca and Ferrari, Gianluigi and L{\'e}one, R{\'e}my and Medagliani, Paolo and Picone, Marco and Veltri, Luca},
  journal={IEEE Internet of Things Journal},
  volume={1},
  number={5},
  pages={508--521},
  year={2014},
  publisher={Ieee}
}

@inproceedings{boubekeur2015bounding,
  title={Bounding Degrees on RPL},
  author={Boubekeur, Fadwa and Blin, L{\'e}lia and Leone, Remy and Medagliani, Paolo},
  booktitle={Proceedings of the 11th ACM Symposium on QoS and Security for Wireless and Mobile Networks},
  pages={123--130},
  year={2015},
  organization={ACM}
}

